<?xml version="1.0" encoding="UTF-8"?><record xmlns="http://www.loc.gov/MARC21/slim" xmlns:cinclude="http://apache.org/cocoon/include/1.0" xmlns:zs="http://www.loc.gov/zing/srw/">
  <leader>00542nz  a2200133n  4500</leader>
  <controlfield tag="001">n 2013186681</controlfield>
  <controlfield tag="003">DLC</controlfield>
  <controlfield tag="005">20131023044102.0</controlfield>
  <controlfield tag="008">131023n| azannaabn          |n aaa      </controlfield>
  <datafield tag="010" ind1=" " ind2=" ">
    <subfield code="a">n 2013186681</subfield>
  </datafield>
  <datafield tag="035" ind1=" " ind2=" ">
    <subfield code="a">(DNLM)1582758</subfield>
  </datafield>
  <datafield tag="040" ind1=" " ind2=" ">
    <subfield code="a">DNLM</subfield>
    <subfield code="b">eng</subfield>
    <subfield code="e">rda</subfield>
    <subfield code="c">DNLM</subfield>
  </datafield>
  <datafield tag="100" ind1="1" ind2=" ">
    <subfield code="a">Abaza, Ronney</subfield>
  </datafield>
  <datafield tag="670" ind1=" " ind2=" ">
    <subfield code="a">Robotic renal surgery, 2013:</subfield>
    <subfield code="b">t.p. (Ronney Abaza, MD, FACS, Robotic Urologic Surgery, Department of Urology, Ohio State's Center for Advanced Robotic Surgery, The Ohio State University Wexner Medical Center &amp; James Cancer Hospital, Columbus, OH, USA)</subfield>
  </datafield>
</record>